@online{w,
author = "Wikipedia",
title = "Brainfuck",
url = "https://en.wikipedia.org/wiki/Brainfuck"
}

@online{y,
author = "CUSTOM IMAGES",
title = "Tamedia TX 2017",
url = "https://www.youtube.com/watch?v=gjm9irBs96U&list=PL53Ebm34s2mQlCR-Amd7svLpc7o8ifWD8&index=37&t=8773s"
}

@online{y,
author = "CUSTOM IMAGES",
title = "",
url = "https://www.youtube.com/watch?v=gjm9irBs96U&list=PL53Ebm34s2mQlCR-Amd7svLpc7o8ifWD8&index=37&t=8773s"
}

@online{m,
author = "Kenneth Foner",
title = "Tape module",
url = "https://github.com/kwf/Tape"
}